<collection xmlns="http://www.loc.gov/MARC21/slim">
<record>
  <leader>04340nam0a2200661 i 450 </leader>
  <controlfield tag="001">IT\ICCU\CNCE\024929</controlfield>
  <controlfield tag="005">20080103000000.0</controlfield>
  <datafield tag="012" ind1=" " ind2=" ">
    <subfield code="a">I.e. o-9. umi- qucu (3) 1584 (R)</subfield>
    <subfield code="2">fei</subfield>
  </datafield>
  <datafield tag="100" ind1=" " ind2=" ">
    <subfield code="a">19970916d1584        0itac0103    ba</subfield>
  </datafield>
  <datafield tag="101" ind1=" " ind2=" ">
    <subfield code="a">LAT</subfield>
  </datafield>
  <datafield tag="102" ind1=" " ind2=" ">
    <subfield code="a">IT</subfield>
  </datafield>
  <datafield tag="200" ind1="1" ind2=" ">
    <subfield code="a">Decisiones Sacri Regii Consilii Neapolitani, per excellentissimum virum Matthaeum De Afflictis ... collectae. Iis Caesaris Vrsilli i.c. Neapolitani aureis adnotationibus, casuumque nouis quibusdam decisionibus separatim olim editis illustratae, &amp; qum̉ diligentissim ̈hac postrema editione recognitae. Cum summarijs, &amp; indice ad singulas vtriusque decisiones locupletissimis</subfield>
  </datafield>
  <datafield tag="210" ind1=" " ind2=" ">
    <subfield code="a">Venetiis</subfield>
    <subfield code="c">ad signum Concordiae</subfield>
    <subfield code="d">1584</subfield>
    <subfield code="e">Venetiis</subfield>
    <subfield code="g">apud Ioan. Antonium Bertanum</subfield>
    <subfield code="h">1584</subfield>
  </datafield>
  <datafield tag="215" ind1=" " ind2=" ">
    <subfield code="a">\42!, 351, \1! c.</subfield>
    <subfield code="d">fol</subfield>
  </datafield>
  <datafield tag="300" ind1=" " ind2=" ">
    <subfield code="a">Con le additiones di Tommaso Grammatico, come appare alla c. A2r</subfield>
  </datafield>
  <datafield tag="620" ind1=" " ind2=" ">
    <subfield code="a">IT</subfield>
    <subfield code="d">Venezia</subfield>
  </datafield>
  <datafield tag="710" ind1="0" ind2="2">
    <subfield code="a">Napoli</subfield>
    <subfield code="c"> &lt;Regno&gt;</subfield>
    <subfield code="b"> : Sacro Regio Consiglio</subfield>
    <subfield code="3">IT\ICCU\CNCA\021612</subfield>
  </datafield>
  <datafield tag="702" ind1=" " ind2="1">
    <subfield code="a">D&apos;Afflitto,</subfield>
    <subfield code="b">Matteo</subfield>
    <subfield code="3">IT\ICCU\CNCA\004547</subfield>
  </datafield>
  <datafield tag="702" ind1=" " ind2="1">
    <subfield code="a">Ursilli,</subfield>
    <subfield code="b">Cesare</subfield>
    <subfield code="3">IT\ICCU\CNCA\007373</subfield>
  </datafield>
  <datafield tag="712" ind1="0" ind2="2">
    <subfield code="a">℗al segno della ℗Concordia</subfield>
    <subfield code="3">IT\ICCU\CNCT\000531</subfield>
    <subfield code="4">650</subfield>
  </datafield>
  <datafield tag="712" ind1="0" ind2="0">
    <subfield code="a">Bertano, Giovanni Antonio</subfield>
    <subfield code="3">IT\ICCU\CNCT\000379</subfield>
    <subfield code="4">650</subfield>
  </datafield>
  <datafield tag="791" ind1="0" ind2="2">
    <subfield code="a">Sacro Regio Consiglio</subfield>
    <subfield code="c"> &lt;Napoli, Regno&gt;</subfield>
    <subfield code="3">IT\ICCU\CNCA\021613</subfield>
    <subfield code="z">Napoli &lt;Regno&gt; : Sacro Regio Consiglio</subfield>
  </datafield>
  <datafield tag="791" ind1="0" ind2="2">
    <subfield code="a">Consiglio di Santa Chiara</subfield>
    <subfield code="c"> &lt;Napoli, Regno&gt;</subfield>
    <subfield code="3">IT\ICCU\CNCA\021822</subfield>
    <subfield code="z">Napoli &lt;Regno&gt; : Sacro Regio Consiglio</subfield>
  </datafield>
  <datafield tag="791" ind1="0" ind2="2">
    <subfield code="a">Sacrum Regium Consilium Neapolitanum</subfield>
    <subfield code="3">23095</subfield>
    <subfield code="z">Napoli &lt;Regno&gt; : Sacro Regio Consiglio</subfield>
  </datafield>
  <datafield tag="790" ind1=" " ind2="1">
    <subfield code="a">Afflitto,</subfield>
    <subfield code="b">Matteo</subfield>
    <subfield code="3">IT\ICCU\CNCA\007545</subfield>
    <subfield code="z">D&apos;Afflitto, Matteo</subfield>
  </datafield>
  <datafield tag="790" ind1=" " ind2="1">
    <subfield code="a">Afflitti,</subfield>
    <subfield code="b">Matteo : degli</subfield>
    <subfield code="3">IT\ICCU\CNCA\015195</subfield>
    <subfield code="z">D&apos;Afflitto, Matteo</subfield>
  </datafield>
  <datafield tag="790" ind1=" " ind2="1">
    <subfield code="a">Afflictis,</subfield>
    <subfield code="b">Matthaeus : de</subfield>
    <subfield code="3">IT\ICCU\CNCA\018384</subfield>
    <subfield code="z">D&apos;Afflitto, Matteo</subfield>
  </datafield>
  <datafield tag="790" ind1=" " ind2="1">
    <subfield code="a">Afflitto,</subfield>
    <subfield code="b">Matteo d&apos;</subfield>
    <subfield code="3">IT\ICCU\CNCA\023081</subfield>
    <subfield code="z">D&apos;Afflitto, Matteo</subfield>
  </datafield>
  <datafield tag="790" ind1=" " ind2="1">
    <subfield code="a">De_Afflictis,</subfield>
    <subfield code="b">Mattheus</subfield>
    <subfield code="3">IT\ICCU\CNCA\023082</subfield>
    <subfield code="z">D&apos;Afflitto, Matteo</subfield>
  </datafield>
  <datafield tag="790" ind1=" " ind2="1">
    <subfield code="a">Ursillis,</subfield>
    <subfield code="b">Caesar : de</subfield>
    <subfield code="3">IT\ICCU\CNCA\025061</subfield>
    <subfield code="z">Ursilli, Cesare</subfield>
  </datafield>
  <datafield tag="791" ind1="0" ind2="2">
    <subfield code="a">℗Ad signum ℗Concordiae</subfield>
    <subfield code="3">IT\ICCU\CNCT\004656</subfield>
    <subfield code="z">℗al segno della ℗Concordia</subfield>
  </datafield>
  <datafield tag="791" ind1="0" ind2="0">
    <subfield code="a">Concordia, al segno della</subfield>
    <subfield code="3">IT\ICCU\CNCT\004658</subfield>
    <subfield code="z">℗al segno della ℗Concordia</subfield>
  </datafield>
  <datafield tag="791" ind1="0" ind2="0">
    <subfield code="a">Bertanus, Ioannes Antonius</subfield>
    <subfield code="3">IT\ICCU\CNCT\004353</subfield>
    <subfield code="z">Bertano, Giovanni Antonio</subfield>
  </datafield>
  <datafield tag="801" ind1=" " ind2="3">
    <subfield code="a">IT</subfield>
    <subfield code="b">ICCU</subfield>
    <subfield code="c">20201114</subfield>
  </datafield>
  <datafield tag="899" ind1=" " ind2=" ">
    <subfield code="a">Biblioteca Apostolica Vaticana. Citt ̉del Vaticano</subfield>
    <subfield code="1">EX0001</subfield>
    <subfield code="2">ZCV 01</subfield>
  </datafield>
  <datafield tag="899" ind1=" " ind2=" ">
    <subfield code="a">Biblioteca provinciale La Magna Capitana. Foggia</subfield>
    <subfield code="1">FG0046</subfield>
    <subfield code="2">FOG FG</subfield>
  </datafield>
  <datafield tag="899" ind1=" " ind2=" ">
    <subfield code="a">Biblioteca statale Isontina. Gorizia</subfield>
    <subfield code="z">MUTILO</subfield>
    <subfield code="1">GO0025</subfield>
    <subfield code="2">TSA BI</subfield>
  </datafield>
  <datafield tag="899" ind1=" " ind2=" ">
    <subfield code="a">Biblioteca comunale Valentiniana. Camerino</subfield>
    <subfield code="1">MC0004</subfield>
    <subfield code="2">UMC BV</subfield>
  </datafield>
  <datafield tag="899" ind1=" " ind2=" ">
    <subfield code="a">Biblioteca comunale Mozzi-Borgetti. Macerata</subfield>
    <subfield code="1">MC0049</subfield>
    <subfield code="2">UMC CM</subfield>
  </datafield>
  <datafield tag="899" ind1=" " ind2=" ">
    <subfield code="a">Biblioteca dell&apos;Accademia nazionale di scienze, lettere ed arti. Modena</subfield>
    <subfield code="1">MO0052</subfield>
    <subfield code="2">MOD AC</subfield>
  </datafield>
  <datafield tag="899" ind1=" " ind2=" ">
    <subfield code="a">Biblioteca Estense Universitaria. Modena</subfield>
    <subfield code="z">MUTILO</subfield>
    <subfield code="1">MO0089</subfield>
    <subfield code="2">MOD BE</subfield>
  </datafield>
  <datafield tag="899" ind1=" " ind2=" ">
    <subfield code="a">Biblioteca provinciale Tommaso Stigliani. Matera</subfield>
    <subfield code="1">MT0029</subfield>
    <subfield code="2">BAS 01</subfield>
  </datafield>
  <datafield tag="899" ind1=" " ind2=" ">
    <subfield code="a">Biblioteca comunale. Assisi</subfield>
    <subfield code="1">PG0001</subfield>
    <subfield code="2">UM1 10</subfield>
  </datafield>
  <datafield tag="899" ind1=" " ind2=" ">
    <subfield code="a">Biblioteca comunale Giosu ̈Carducci. Citt ̉di Castello</subfield>
    <subfield code="1">PG0032</subfield>
    <subfield code="2">UM1 05</subfield>
  </datafield>
  <datafield tag="899" ind1=" " ind2=" ">
    <subfield code="a">Biblioteca dell&apos;Abbazia di S. Pietro. Perugia</subfield>
    <subfield code="1">PG0080</subfield>
    <subfield code="2">UM1 43</subfield>
  </datafield>
  <datafield tag="899" ind1=" " ind2=" ">
    <subfield code="a">Biblioteca comunale Augusta. Perugia</subfield>
    <subfield code="1">PG0109</subfield>
    <subfield code="2">UM1 01</subfield>
  </datafield>
  <datafield tag="899" ind1=" " ind2=" ">
    <subfield code="a">Biblioteca Cathariniana. Pisa</subfield>
    <subfield code="1">PI0027</subfield>
    <subfield code="2">RT1 QW</subfield>
  </datafield>
  <datafield tag="899" ind1=" " ind2=" ">
    <subfield code="a">Biblioteca Palatina. Parma</subfield>
    <subfield code="1">PR0072</subfield>
    <subfield code="2">PAR PA</subfield>
  </datafield>
  <datafield tag="899" ind1=" " ind2=" ">
    <subfield code="a">Servizio biblioteca di giurisprudenza dell&apos;Universit ̉degli studi di Parma. Parma</subfield>
    <subfield code="1">PR0076</subfield>
    <subfield code="2">PAR GF</subfield>
  </datafield>
  <datafield tag="899" ind1=" " ind2=" ">
    <subfield code="a">Biblioteca comunale. Urbania</subfield>
    <subfield code="1">PU0095</subfield>
    <subfield code="2">URB UR</subfield>
  </datafield>
  <datafield tag="899" ind1=" " ind2=" ">
    <subfield code="a">Biblioteca comunale Pietro De Nava. Reggio Calabria</subfield>
    <subfield code="1">RC0058</subfield>
    <subfield code="2">RCA RN</subfield>
  </datafield>
  <datafield tag="899" ind1=" " ind2=" ">
    <subfield code="a">Biblioteca nazionale centrale. Roma</subfield>
    <subfield code="1">RM0267</subfield>
    <subfield code="2">BVE CR</subfield>
  </datafield>
  <datafield tag="899" ind1=" " ind2=" ">
    <subfield code="a">Biblioteca Vallicelliana. Roma</subfield>
    <subfield code="1">RM0281</subfield>
    <subfield code="2">RML 08</subfield>
  </datafield>
  <datafield tag="899" ind1=" " ind2=" ">
    <subfield code="a">Biblioteca comunale Antonio Baldini. Santarcangelo di Romagna</subfield>
    <subfield code="1">RN0028</subfield>
    <subfield code="2">RAV ST</subfield>
  </datafield>
  <datafield tag="899" ind1=" " ind2=" ">
    <subfield code="a">Biblioteca comunale Giovanni Eroli. Narni</subfield>
    <subfield code="1">TR0020</subfield>
    <subfield code="2">UM1 18</subfield>
  </datafield>
  <datafield tag="899" ind1=" " ind2=" ">
    <subfield code="a">Biblioteca civica. Vercelli</subfield>
    <subfield code="1">VC0073</subfield>
    <subfield code="2">TO0 A2</subfield>
  </datafield>
  <datafield tag="899" ind1=" " ind2=" ">
    <subfield code="a">Biblioteca civica. Verona</subfield>
    <subfield code="1">VR0059</subfield>
    <subfield code="2">ZVR 02</subfield>
  </datafield>
  <datafield tag="921" ind1=" " ind2=" ">
    <subfield code="a">IT\ICCU\CNCM\000156</subfield>
    <subfield code="b">Concordia (donna con corona di fiori e foglie) avanza tenendo una coppa e una cornucopia. Nastro con la scritta Concordia. In cornice figurata</subfield>
    <subfield code="c">V408</subfield>
    <subfield code="c">Z378</subfield>
    <subfield code="d">Dimensioni: 10 x 10,8</subfield>
    <subfield code="f">CONCORDIA</subfield>
    <subfield code="f">COPPA</subfield>
    <subfield code="f">CORNUCOPIA</subfield>
    <subfield code="f">DONNA</subfield>
    <subfield code="g">1580-1592</subfield>
  </datafield>
</record>
</collection>
